<record><leader>00000cas a22000007a 4500</leader><controlfield tag="001">15673564</controlfield><controlfield tag="008">870512d19uu19uutxuwr ne      0    0eng d</controlfield><datafield ind1=" " ind2=" " tag="010"><subfield code="a">sn 87090211 </subfield></datafield><datafield ind1=" " ind2=" " tag="040"><subfield code="a">PPM</subfield><subfield code="b">eng</subfield><subfield code="c">PPM</subfield><subfield code="d">NVM</subfield><subfield code="d">OCLCQ</subfield><subfield code="d">OCLCO</subfield></datafield><datafield ind1="1" ind2=" " tag="029"><subfield code="a">AU@</subfield><subfield code="b">000025822397</subfield></datafield><datafield ind1=" " ind2=" " tag="042"><subfield code="a">msc</subfield></datafield><datafield ind1=" " ind2=" " tag="043"><subfield code="a">n-us-nm</subfield></datafield><datafield ind1="0" ind2=" " tag="130"><subfield code="a">Western American (El Paso, Tex.)</subfield></datafield><datafield ind1="1" ind2="0" tag="245"><subfield code="a">Western American.</subfield></datafield><datafield ind1=" " ind2=" " tag="260"><subfield code="a">El Paso, Tex. :</subfield><subfield code="b">Catholic Press Association of El Paso</subfield></datafield><datafield ind1=" " ind2=" " tag="500"><subfield code="a">"Official organ of the Archdiocese of Santa Fe."</subfield></datafield><datafield ind1=" " ind2=" " tag="588"><subfield code="a">Description based on: Vol. 3, no. 36 (Feb. 14, 1925).</subfield></datafield><datafield ind1=" " ind2="4" tag="651"><subfield code="a">New Mexico</subfield><subfield code="v">Newspapers.</subfield></datafield><datafield ind1="2" ind2=" " tag="710"><subfield code="a">Catholic Church.</subfield><subfield code="b">Archdiocese of Santa Fe.</subfield></datafield><datafield ind1=" " ind2=" " tag="752"><subfield code="a">United States</subfield><subfield code="b">Texas</subfield><subfield code="c">El Paso</subfield><subfield code="d">El Paso.</subfield></datafield></record>